<record><leader>00000cas a2200000 a 4500</leader><controlfield tag="001">6699032</controlfield><controlfield tag="008">800911d18891992gaudr ne      0    0eng c</controlfield><datafield ind1=" " ind2=" " tag="010"><subfield code="a">sf 92010861 </subfield><subfield code="z">sn 89053727 </subfield></datafield><datafield ind1=" " ind2=" " tag="040"><subfield code="a">GSU</subfield><subfield code="b">eng</subfield><subfield code="c">GSU</subfield><subfield code="d">NLG</subfield><subfield code="d">DLC</subfield><subfield code="d">NSD</subfield><subfield code="d">DLC</subfield><subfield code="d">OCLCQ</subfield><subfield code="d">DLC</subfield><subfield code="d">OCLCQ</subfield><subfield code="d">OCLCF</subfield><subfield code="d">OCLCO</subfield></datafield><datafield ind1="1" ind2=" " tag="029"><subfield code="a">AU@</subfield><subfield code="b">000040181009</subfield></datafield><datafield ind1=" " ind2=" " tag="037"><subfield code="b">Fulton County Daily Report, 190 Pryor St., S.W., Atanta, Ga. 30303</subfield></datafield><datafield ind1=" " ind2=" " tag="042"><subfield code="a">pcc</subfield></datafield><datafield ind1=" " ind2=" " tag="043"><subfield code="a">n-us-ga</subfield></datafield><datafield ind1="0" ind2="0" tag="050"><subfield code="a">K6</subfield><subfield code="b">.U48</subfield></datafield><datafield ind1="0" ind2="0" tag="245"><subfield code="a">Fulton County daily report.</subfield></datafield><datafield ind1=" " ind2=" " tag="260"><subfield code="a">[Atlanta, Ga.] :</subfield><subfield code="b">George M. Luttrell</subfield></datafield><datafield ind1=" " ind2=" " tag="300"><subfield code="a">v. :</subfield><subfield code="b">ill. ;</subfield><subfield code="c">45 cm.</subfield></datafield><datafield ind1=" " ind2=" " tag="310"><subfield code="a">Daily (except Sat., Sun. &amp; holidays)</subfield></datafield><datafield ind1="1" ind2=" " tag="362"><subfield code="a">Began in 1889; ceased in 1992.</subfield></datafield><datafield ind1=" " ind2=" " tag="530"><subfield code="a">Also issued on microfilm.</subfield></datafield><datafield ind1=" " ind2=" " tag="550"><subfield code="a">"Official organ of the United States District Court ... and of the Superior Courts of Fulton County as the official court newspaper."</subfield></datafield><datafield ind1=" " ind2=" " tag="580"><subfield code="a">Decisions appearing in the Fulton County daily report are indexed in Fulton County daily report opinions.</subfield></datafield><datafield ind1=" " ind2=" " tag="588"><subfield code="a">Description based on: Feb. 1, 1889.</subfield></datafield><datafield ind1=" " ind2=" " tag="588"><subfield code="a">Latest issue consulted: Vol. 103, no. 16 (Jan. 24, 1992).</subfield></datafield><datafield ind1=" " ind2="0" tag="650"><subfield code="a">Courts</subfield><subfield code="z">Georgia</subfield><subfield code="z">Fulton County.</subfield></datafield><datafield ind1=" " ind2="7" tag="650"><subfield code="a">Courts.</subfield><subfield code="2">fast</subfield><subfield code="0">(OCoLC)fst00881747</subfield></datafield><datafield ind1=" " ind2="7" tag="651"><subfield code="a">Georgia</subfield><subfield code="z">Fulton County.</subfield><subfield code="2">fast</subfield><subfield code="0">(OCoLC)fst01211153</subfield></datafield><datafield ind1=" " ind2=" " tag="752"><subfield code="a">United States</subfield><subfield code="b">Georgia</subfield><subfield code="c">Fulton</subfield><subfield code="d">Atlanta.</subfield></datafield><datafield ind1="1" ind2=" " tag="776"><subfield code="c">Microfilm</subfield><subfield code="d">Library of Congress Preservation Microfilming Program</subfield><subfield code="w">(DLC)  2011217052</subfield></datafield><datafield ind1="0" ind2="0" tag="785"><subfield code="t">Daily report (Atlanta, Ga.)</subfield><subfield code="x">1063-6439</subfield><subfield code="w">(DLC)sn 92004398</subfield><subfield code="w">(OCoLC)26100098</subfield></datafield><datafield ind1="0" ind2=" " tag="787"><subfield code="t">Fulton County daily report opinions</subfield><subfield code="w">(OCoLC)17627231</subfield></datafield><datafield ind1=" " ind2=" " tag="850"><subfield code="a">DLC</subfield></datafield></record>